@article{Dalton2009,
author = {Dalton, Michael and Kozyrakis, Christos and Zeldovich, Nickolai},
file = {::},
journal = {\ldots of the 18th conference on USENIX \ldots},
title = {{Nemesis: preventing authentication \& access control vulnerabilities in web applications}},
url = {http://www.usenix.org/event/sec09/tech/full\_papers/dalton.pdf},
year = {2009}
}
@article{Staniford2002,
annote = {General notes:
    - The intro would be a good intro for the probes section
    - THIS IS THEW PAPER THAT COMES UP WITH THE DISTINCTION VERTICAL, HORIZONTAL, AND BLOCK
    - },
author = {Staniford, Stuart and Hoagland, JA and McAlerney, JM},
file = {:Users/erinjamro/Documents/My\_Shit/JamrozE/2012-2013/Spring/SeniorProject/readings/TrickleScan.pdf:pdf},
journal = {Journal of Computer Security},
pages = {105--136},
title = {{Practical automated detection of stealthy portscans}},
url = {http://iospress.metapress.com/index/AG4032HA9WYA24G6.pdf},
volume = {10},
year = {2002}
}
@article{Labib2004,
annote = {- This one would be great for the presentation
    o It speaks in genrality about IDS systems
    o Goes a little further in depth about some of the        
       technical aspects of deteection
- Has a good summary of popular probe and Dos  
   attacks
- Talks about real time application},
author = {Labib, K and Vemuri, VR},
file = {:Users/erinjamro/Documents/My\_Shit/JamrozE/2012-2013/Spring/SeniorProject/readings/detectingDoSandNetworkProbes.pdf:pdf},
journal = {Proc. SAR},
keywords = {intrusion detection,multivariate statistics,network traffic visualization},
title = {{Detecting and visualizing denial-of-service and network probe attacks using principal component analysis}},
url = {http://citeseerx.ist.psu.edu/viewdoc/download?doi=10.1.1.126.8933\&rep=rep1\&type=pdf},
year = {2004}
}
@article{Alenezi2012,
annote = {For paper in general:
- This has a good picture to use for IDSs
- GOOD GRAPHICS FOR THE PAPER. SEE ANNOTATIONS SECION 
- TO LOOK UP: 
	o Clustering
	o Wavelets
        
Notes:
- This paper focuses on anomaly detection techniques
- Detection techniques discussed:
    - IP headed analysis i.e. looking at flags
    - TCP mixed flag detection
    - Volume based anaylsis},
author = {Alenezi, Mohammed and Reed, M},
file = {:Users/erinjamro/Documents/My\_Shit/JamrozE/2012-2013/Spring/SeniorProject/readings/detectionTechniques.pdf:pdf},
isbn = {9781612082318},
journal = {ICSNC 2012: The Seventh International Conference on Systems and Networks Communications},
keywords = {-dos,and discussion,attack is presented in,ddos,detection,flooding-based,network security,our key observations about,presented in section vi,section v,the classification of dos,the detection techniques are},
number = {c},
pages = {92--98},
title = {{Methodologies for detecting DoS/DDoS attacks against network servers}},
url = {http://www.thinkmind.org/index.php?view=article\&articleid=icsnc\_2012\_4\_50\_20134},
year = {2012}
}
@article{Eddy2007,
author = {Eddy, WM},
file = {:Users/erinjamro/Library/Application Support/Mendeley Desktop/Downloaded/Eddy - 2007 - TCP SYN flooding attacks and common mitigations.pdf:pdf},
title = {{TCP SYN flooding attacks and common mitigations}},
url = {http://tools.ietf.org/html/rfc4987.txt},
year = {2007}
}
@article{McDowell2013,
abstract = {In a denial­of­service (DoS) attack, an attacker attempts to prevent legitimate users from accessing information or services. By targeting your computer and its network connection, or the computers and network of the sites you are trying to use, an attacker may be able to prevent you from accessing email, websites, online accounts (banking, etc.), or other services that rely on the affected computer.},
author = {McDowell, Mindi and This},
file = {:Users/erinjamro/Library/Application Support/Mendeley Desktop/Downloaded/McDowell, This - 2013 - Security Tip ( ST04 ­ 015 ) Understanding Denial ­ of ­ Service Attacks.pdf:pdf},
pages = {2013},
title = {{Security Tip ( ST04 ­ 015 ) Understanding Denial ­ of ­ Service Attacks}},
url = {http://www.us-cert.gov/ncas/tips/st04-015},
year = {2013}
}
@article{Livshits2005,
author = {Livshits, VB and Lam, MS},
file = {::},
journal = {\ldots of the 14th conference on USENIX Security \ldots},
title = {{Finding security vulnerabilities in Java applications with static analysis}},
url = {http://www.usenix.org/event/sec05/tech/full\_papers/livshits/livshits\_html/},
year = {2005}
}
@article{Gordon2004,
author = {Gordon, Lawrence A and Loeb, Martin P and Lucyshyn, William and Richardson, Robert},
file = {::},
title = {{COMPUTER CRIME 2004 CSI / FBI Computer Crime and Security Survey}},
year = {2004}
}
@article{Specht2004,
annote = {- Does a good job of giving an example with each of the exploits that it describes
- GO LOOK AT COMMON VULNERABILITIES AND EXPOSURES ORG.
- "There is currently no comprehensive method to protect against all known forms of DDos attacks"
- Modes of detection:
    - Egress filtering: Check packet headers for validity before sending them out of the subnet 
        - Works like an outgoing fire wall
    - Management Information Base (MIB) info: Basically these are network stats
      },
author = {Specht, SM and Lee, RB},
file = {:Users/erinjamro/Documents/My\_Shit/JamrozE/2012-2013/Spring/SeniorProject/readings/DDoS Final PDCS Paper-1.pdf:pdf},
journal = {\ldots on Parallel and Distributed \ldots},
number = {September},
pages = {543--550},
title = {{Distributed denial of service: Taxonomies of attacks, tools, and countermeasures}},
url = {http://palms.ee.princeton.edu/PALMSopen/DDoS Final PDCS Paper.pdf},
year = {2004}
}
@inproceedings{Hussain2003,
address = {New York, New York, USA},
annote = {- Uses spectral analysis and Ramp up behavior to detect these types of attacks


- Attacks
    o SoftwareExploits -> patches
    o Flood attacks},
author = {Hussain, Alefiya and Heidemann, John and Papadopoulos, Christos},
booktitle = {Proceedings of the 2003 conference on Applications, technologies, architectures, and protocols for computer communications - SIGCOMM '03},
doi = {10.1145/863955.863968},
file = {:Users/erinjamro/Documents/My\_Shit/JamrozE/2012-2013/Spring/SeniorProject/readings/p99-hussain.pdf:pdf},
isbn = {1581137354},
keywords = {denial of service attacks,measurement,security,time series},
pages = {99},
publisher = {ACM Press},
title = {{A framework for classifying denial of service attacks}},
url = {http://portal.acm.org/citation.cfm?doid=863955.863968},
year = {2003}
}
@misc{,
annote = {Useful for talking about the reason DOS attacks can exist
      },
file = {:Users/erinjamro/Library/Application Support/Mendeley Desktop/Downloaded/Unknown - Unknown - 802.11 Denial-of-Service Attacks Vulnerabilities and Practical solutions.html:html},
keywords = {paper},
title = {{802.11 Denial-of-Service Attacks: Vulnerabilities and Practical solutions}},
url = {http://static.usenix.org/event/sec03/tech/full\_papers/bellardo/bellardo\_html/},
urldate = {15/04/13}
}
@article{JanaSuman;Kasera,
author = {{Jana, Suman; Kasera}, Sneha},
file = {::},
isbn = {9781605580968},
keywords = {11,cess point,fake ac-,fingerprint,ieee 802,mac address spoofing,timestamp},
pages = {104--115},
title = {{On Fast and Accurate Detection of Unauthorized Wireless Access Points Using Clock Skews ∗ Categories and Subject Descriptors}}
}
@article{Newman2006,
author = {Newman, RC},
file = {::},
isbn = {1595934375},
journal = {\ldots of the 3rd annual conference on Information security \ldots},
keywords = {cybercrime,identity theft,internet fraud},
title = {{Cybercrime, identity theft, and fraud: practicing safe internet-network security threats and vulnerabilities}},
url = {http://dl.acm.org/citation.cfm?id=1231064},
year = {2006}
}
@article{Sailer2004,
address = {New York, New York, USA},
author = {Sailer, Reiner and Jaeger, Trent and Zhang, Xiaolan and van Doorn, Leendert},
doi = {10.1145/1030083.1030125},
file = {::},
isbn = {1581139616},
journal = {Proceedings of the 11th ACM conference on Computer and communications security - CCS '04},
keywords = {acknowledgments,anonymous,for their valuable comments,remote access,reviewers and elisa bertino,security management,the authors thank the,trusted computing},
pages = {308},
publisher = {ACM Press},
title = {{Attestation-based policy enforcement for remote access}},
url = {http://portal.acm.org/citation.cfm?doid=1030083.1030125},
year = {2004}
}
@article{Wagner2001,
author = {Wagner, David and Dean, R},
file = {::},
journal = {Security and Privacy, 2001. S\&P 2001. \ldots},
title = {{Intrusion detection via static analysis}},
url = {http://ieeexplore.ieee.org/xpls/abs\_all.jsp?arnumber=924296},
year = {2001}
}
@article{Kirkpatrick2011,
author = {Kirkpatrick, MS and Kerr, S},
file = {::},
isbn = {9781450304658},
journal = {Proceedings of the first ACM conference on Data \ldots},
keywords = {access con-,applied cryptography,physically unclonable functions},
pages = {203--212},
title = {{Enforcing physically restricted access control for remote data}},
url = {http://dl.acm.org/citation.cfm?id=1943540},
year = {2011}
}
@article{Stock2013,
author = {Stock, A and Williams, J and Wichers, D},
file = {::},
journal = {OWASP Foundation, July},
title = {{OWASP top 10}},
url = {http://onlinelibrary.wiley.com/doi/10.1002/cbdv.200490137/abstract http://scholar.google.com/scholar?hl=en\&btnG=Search\&q=intitle:OWASP+Top+10\#1 http://scholar.google.com/scholar?hl=en\&btnG=Search\&q=intitle:OWASP+top+10\#1},
year = {2013}
}
@article{Carlini2012,
author = {Carlini, Nicholas and Felt, AP and Wagner, David},
file = {::},
journal = {\ldots the 21st USENIX Conference on Security},
title = {{An evaluation of the google chrome extension security architecture}},
url = {https://www.usenix.org/system/files/conference/usenixsecurity12/sec12-final177\_0.pdf},
year = {2012}
}
@misc{SilenokElena;RoedelChris;Silenok,
address = {San Diego},
annote = {        Thoughts:        
- Published in 2003
        
        General Notes:        
- Break down of ports scans
    o Verticle
        - Several destination ports on one host
    o Horizontal
        - Same port on several hosts
    o Block
        - Combining verticle and horizantal scans
        
        
TO LOOK UP:
      },
author = {{Silenok, Elena; Roedel, Chris; Silenok}, Elena},
file = {:Users/erinjamro/Documents/My\_Shit/JamrozE/2012-2013/Spring/SeniorProject/readings/PortScans.pdf:pdf},
pages = {1--7},
publisher = {Department of Computer Science \& Engineering, University of California},
title = {{Detection and Characterization of Port Scan Attacks Cynthia Bailey Lee Chris Roedel Classification Methodology}}
}
@article{Larson2008,
address = {New York, New York, USA},
author = {Larson, UE and Nilsson, DK},
doi = {10.1145/1413140.1413174},
file = {::},
isbn = {9781605580982},
journal = {\ldots of the 4th annual workshop on Cyber security \ldots},
keywords = {challenges,out-,security,vehicle,wireless communication},
pages = {1},
publisher = {ACM Press},
title = {{Securing vehicles against cyber attacks}},
url = {http://portal.acm.org/citation.cfm?doid=1413140.1413174 http://dl.acm.org/citation.cfm?id=1413174},
year = {2008}
}
@article{Sun2011,
author = {Sun, Fangqi and Xu, L and Su, Z},
file = {::},
journal = {Proceedings of the 20th USENIX conference on \ldots},
title = {{Static detection of access control vulnerabilities in web applications}},
url = {http://static.usenix.org/event/sec11/tech/full\_papers/Sun.pdf},
year = {2011}
}
@article{Richardson2008,
author = {Richardson, R and Director, CSI},
file = {::},
journal = {Computer Security Institute},
title = {{CSI computer crime and security survey}},
url = {https://www.hlncc.com/docs/CSIsurvey2008.pdf},
year = {2008}
}
@article{Bhuyan2011,
annote = {        Thoughts:        
- Has great table for paper that sumnmarizes the types of port scans and their ability to be blocked by a fire wall
- Written in 2010, so not that out of date, but also not currentt
- This is exactly what are paper should be for all IDS's... Damn, they did a great job. Is ours going to be as good? Probably not... We might need more sources
- Take serveral sources from this paper to use in your survey.
        
        General Notes:        
- Most port scaning is done on connection oriented ports
-  Port scanning catagories
    o Single source
        - 
    o Distributed
- Detection
    o Single source
        - Threshold-based
        - Soft computing based
        - Rule-based
        - Vi
    o Distributed 
        
        TO LOOK UP:        
- Stealth scan
- Network Security Monitor, 1990
- GrIDS},
author = {Bhuyan, M. H. and Bhattacharyya, D. K. and Kalita, J. K.},
doi = {10.1093/comjnl/bxr035},
file = {:Users/erinjamro/Documents/My\_Shit/JamrozE/2012-2013/Spring/SeniorProject/readings/portScanSurvey.pdf:pdf},
issn = {0010-4620},
journal = {The Computer Journal},
keywords = {coordinated scanning,ip,os fingerprinting,received 21 may 2010,revised 23 august 2010,tcp,udp},
month = apr,
number = {10},
pages = {1565--1581},
title = {{Surveying Port Scans and Their Detection Methodologies}},
url = {http://comjnl.oxfordjournals.org/cgi/doi/10.1093/comjnl/bxr035},
volume = {54},
year = {2011}
}
@article{Ertoz2003,
author = {Ertoz, Levent and Eilertson, Eric and Lazarevic, Aleksandar},
file = {:Users/erinjamro/Documents/My\_Shit/JamrozE/2012-2013/Spring/SeniorProject/readings/novelAttacks.pdf:pdf},
journal = {Processdings of ICDM WDMCS'03},
pages = {30--39},
title = {{Detection of novel network attacks using data mining}},
url = {http://citeseerx.ist.psu.edu/viewdoc/download?doi=10.1.1.114.194\&rep=rep1\&type=pdf\#page=34},
year = {2003}
}
@article{Attacks2002,
address = {Baltimore, Maryland},
author = {Attacks, Denial-of-service and Streilein, William W and Cunningham, Robert K and Webster, Seth E},
file = {:Users/erinjamro/Documents/My\_Shit/JamrozE/2012-2013/Spring/SeniorProject/readings/ImprovedDetectionProbesDoS.pdf:pdf},
journal = {Proceedings of Workshop on Statistical and Machine Learning Techniques in Computer Intrusion Detection},
month = jun,
pages = {1--6},
title = {{Improved Detection of Low-Profile Probe and}},
year = {2002}
}
@article{Roesch1999,
address = {Seatle, Washington},
annote = {- Not designed to work in heavily used networks
- Again, uses libcap for network data
- USes payload analysis of application layer information from packets
- Only works on TCP connections
- Uses signature based methods for detection
- Host and Network compatible
- 
},
author = {Roesch, Martin and Roesch, Martin},
file = {:Users/erinjamro/Documents/My\_Shit/JamrozE/2012-2013/Spring/SeniorProject/readings/snort.pdf:pdf},
institution = {USNIX Association},
journal = {Proceedings of LISA'99},
month = nov,
pages = {229--238},
title = {{S N O R T — L I G H T W E I G H T I N T R U S I O N Snort – Lightweight Intrusion Detection for Networks}},
year = {1999}
}
@article{Mahoney2001,
author = {Mahoney, M and Chan, PK},
file = {:Users/erinjamro/Documents/My\_Shit/JamrozE/2012-2013/Spring/SeniorProject/readings/PHAD.pdf:pdf},
institution = {Florida Institute of Technology},
journal = {Florida Institute of Technology technical report CS},
number = {1998},
pages = {1--17},
title = {{PHAD: Packet header anomaly detection for identifying hostile network traffic}},
url = {http://citeseerx.ist.psu.edu/viewdoc/download?doi=10.1.1.15.4041\&rep=rep1\&type=pdf},
year = {2001}
}
@article{Paxson1998,
address = {San Antonio, Texas},
annote = {- Uses libcap to gather network data
- Handles both TCP and UDP processing
- Based on packet header analysis
    o processes packets and log 'events' based on traffic patterns
    o 

PERFORMANCE
    - not scaleable i.e. still drops packets in heavy work load
    - },
author = {Paxson, Vern and Paxson, Vern},
file = {:Users/erinjamro/Documents/My\_Shit/JamrozE/2012-2013/Spring/SeniorProject/readings/BRO.pdf:pdf},
institution = {USENIX Association},
journal = {Proceedings of the USNIX Security Symposium},
month = jan,
pages = {2435--2469},
title = {{Bro : A System for Detecting Network Intruders in Real-Time Bro : A System for Detecting Network Intruders in Real-Time}},
year = {1998}
}
@misc{Labs1999,
author = {Labs, MIT},
file = {:Users/erinjamro/Library/Application Support/Mendeley Desktop/Downloaded/Labs - 1999 - MIT Lincoln Laboratory Communication Systems and Cyber Security Cyber Systems and Technology DARPA Intrusion Detection Evaluation.html:html},
title = {{MIT Lincoln Laboratory Communication Systems and Cyber Security Cyber Systems and Technology DARPA Intrusion Detection Evaluation}},
url = {http://www.ll.mit.edu/mission/communications/cyber/CSTcorpora/ideval/docs/attackDB.html\#u2r},
year = {1999}
}
@article{Kuperman2005,
author = {Kuperman, BA and Brodley, CE},
file = {::},
journal = {Communications of the \ldots},
number = {11},
title = {{Detection and prevention of stack buffer overflow attacks}},
url = {http://dl.acm.org/citation.cfm?id=1096004},
volume = {48},
year = {2005}
}
@article{Hsu2006,
author = {Hsu, Fu-hau and Chiueh, Tzi-cker},
file = {::},
isbn = {1595935800},
keywords = {buffer overflow attacks,ctcp,eralized attack signatures,gen-,network-based,payload bypassing,return-into-libc attacks},
pages = {163--171},
title = {{Scalable Network-based Buffer Overflow Attack}},
year = {2006}
}
@article{Bernaschi2000,
author = {Bernaschi, Massimo and Gabrielli, Emanuele and Mancini, LV},
file = {::},
isbn = {1581132034},
journal = {\ldots of the 7th ACM conference on \ldots},
title = {{Operating system enhancements to prevent the misuse of system calls}},
url = {http://dl.acm.org/citation.cfm?id=352624},
year = {2000}
}
@article{Brugger2007,
annote = {Notes:
- McHugh's felt that the data set did not adequitly represent real network traffic
- His conclusion was vetted by Malhony and Chan
        
        
TO LOOK UP:
- DoS attacks
    o SYN-Flood 
    o Tear drop 
    o neptune
    o smurf
- Prope attacks
    o ipsweep
    o syslog },
author = {Brugger, ST and Chow, J},
file = {:Users/erinjamro/Documents/My\_Shit/JamrozE/2012-2013/Spring/SeniorProject/readings/darpaEval.pdf:pdf},
journal = {UCDAVIS department of Computer Science},
keywords = {darpa ids evaluation,intrusion detection,nids,snort},
pages = {1--19},
title = {{An assessment of the DARPA IDS Evaluation Dataset using Snort}},
url = {http://citeseerx.ist.psu.edu/viewdoc/download?doi=10.1.1.94.674\&rep=rep1\&type=pdf},
year = {2007}
}
@article{Vigna1998,
annote = {THIS PAPER WAS PUBLISHED IN 1998, VERY OUTDATRD BY SECURITY STANDARDS!},
author = {Vigna, G. and Kemmerer, R.a.},
doi = {10.1109/CSAC.1998.738566},
file = {:Users/erinjamro/Documents/My\_Shit/JamrozE/2012-2013/Spring/SeniorProject/readings/aNetworkBasedIntrustionDetectionSystem.pdf:pdf},
isbn = {0-8186-8789-4},
journal = {Proceedings 14th Annual Computer Security Applications Conference (Cat. No.98EX217)},
keywords = {intrusion detection,networks,security},
pages = {25--34},
publisher = {IEEE Comput. Soc},
title = {{NetSTAT: a network-based intrusion detection approach}},
url = {http://ieeexplore.ieee.org/lpdocs/epic03/wrapper.htm?arnumber=738566},
year = {1998}
}
@article{Djemaiel2007,
address = {New York, New York, USA},
author = {Djemaiel, Yacine and Boudriga, Noureddine},
doi = {10.1145/1244002.1244048},
file = {::},
isbn = {1595934804},
journal = {Proceedings of the 2007 ACM symposium on Applied computing - SAC '07},
keywords = {digital,global marking,malicious activity,security attack},
pages = {170},
publisher = {ACM Press},
title = {{A global marking scheme for tracing cyber attacks}},
url = {http://portal.acm.org/citation.cfm?doid=1244002.1244048},
year = {2007}
}
@article{Nilsson2009,
author = {Nilsson, Dennis K. and Larson, Ulf E.},
doi = {10.4018/jdcf.2009040103},
file = {::},
isbn = {9789639799196},
issn = {1941-6210},
journal = {International Journal of Digital Crime and Forensics},
keywords = {data,forensics,in-vehicle,investigation,network,vehicle},
number = {2},
pages = {28--41},
title = {{Conducting Forensic Investigations of Cyber Attacks on Automobile In-Vehicle Networks}},
url = {http://services.igi-global.com/resolvedoi/resolve.aspx?doi=10.4018/jdcf.2009040103},
volume = {1},
year = {2009}
}
@article{Alexander2012,
author = {Alexander, SD},
file = {::},
isbn = {9781450313124},
journal = {Proceedings of the 28th Annual Computer Security \ldots},
keywords = {assurance,composition,containment,defense in depth,isolation,layered,monitoring,moving target defense,provenance,supply chain,trust,trust engineering,virtualization},
pages = {145--148},
title = {{Trust engineering: rejecting the tyranny of the weakest link}},
url = {http://dl.acm.org/citation.cfm?id=2420973},
year = {2012}
}
@article{Moore2006,
author = {Moore, David and Shannon, Colleen and Brown, Douglas J. and Voelker, Geoffrey M. and Savage, Stefan},
doi = {10.1145/1132026.1132027},
file = {::},
issn = {07342071},
journal = {ACM Transactions on Computer Systems},
month = may,
number = {2},
pages = {115--139},
title = {{Inferring Internet denial-of-service activity}},
url = {http://dl.acm.org/citation.cfm?id=1132026.1132027\&coll=DL\&dl=ACM\&CFID=205621283\&CFTOKEN=11562657},
volume = {24},
year = {2006}
}
@techreport{Taylor2006,
annote = {Thoughts:
- Great for general information of IDS's 
- This paper is pretty much exactly what you want to write in your general IDS section. It really is written at the level of depth that we are shooting for},
author = {Taylor, Publisher and Mell, Peter},
file = {:Users/erinjamro/Documents/My\_Shit/JamrozE/2012-2013/Spring/SeniorProject/readings/understanding\_IDSs.pdf:pdf},
institution = {The EDP Audit, Control, ans Security},
number = {April 2013},
pages = {37--41},
title = {{UNDERSTANDING INTRUSION DETECTION SYSTEMS NEWSLETTER}},
year = {2006}
}
@article{Hansman2005,
author = {Hansman, Simon and Hunt, Ray},
doi = {10.1016/j.cose.2004.06.011},
file = {:Users/erinjamro/Documents/My\_Shit/JamrozE/2012-2013/Spring/SeniorProject/readings/attacks taxonomy.pdf:pdf},
issn = {01674048},
journal = {Computers \& Security},
month = feb,
number = {1},
pages = {31--43},
title = {{A taxonomy of network and computer attacks}},
url = {http://linkinghub.elsevier.com/retrieve/pii/S0167404804001804},
volume = {24},
year = {2005}
}
@article{Gandhi2008,
author = {Gandhi, Meera and Srivatsa, SK},
file = {:Users/erinjamro/Library/Application Support/Mendeley Desktop/Downloaded/Gandhi, Srivatsa - 2008 - Detecting and preventing attacks using network intrusion detection systems.pdf:pdf},
journal = {International Journal of Computer Science and \ldots},
number = {2},
pages = {49--60},
title = {{Detecting and preventing attacks using network intrusion detection systems}},
url = {http://citeseerx.ist.psu.edu/viewdoc/download?doi=10.1.1.177.1132\&rep=rep1\&type=pdf\#page=53},
year = {2008}
}
@article{T.2009,
author = {T., Peng and C., Leckie and K., Ramamoharao and E., Vasquez},
journal = {Computers \& Security},
pages = {18 --28},
title = {{Survey of network-based defense mechanisms countering the DoS and DDos problems}},
volume = {28},
year = {2009}
}
@article{R.2004,
address = {New York, New York, USA},
author = {R., Kompella and S., Singh and G., Varghese},
journal = {Proceedings of the 4th ACM SIGCOMM Conference on Internet Measurment},
pages = {187--200},
publisher = {ACM Press},
title = {{On scalable attack detection in the network}},
year = {2004}
}
@misc{G.2006,
author = {G., Chang},
title = {{Malware FAQ: Analysis on DDoS tool Stacheldraht v1.666}},
url = {http://www.sans.org/resources/malwarefaq/stacheldraht.php},
year = {2006}
}
